@book{apunix,
 author = {W. Richard Stevens and Stephen A. Rago},
 title = {{Advanced Programming in the UNIX Environment, Third Edition}},
 year = {2013},
 publisher = {Addison-Wesley},
 isbn = {978-0-321-63773-4}
}

@misc{bmq,
	author = {Brian ``Beej Jorgensen'' Hall},
	title = {Beej's Guide to Unix IPC},
	year = {2015},
	url = {https://beej.us/guide/bgipc/html/multi/index.html},
	note = {Online; accessed 21-August-2019}
}

@misc{cfiles,
  author = {Peter Jay Salzman},
  title = {{Reading And Writing Files in C}},
  url = {http://www.dirac.org/linux/programming/tutorials/files_in_C/},
  note = {Online; accessed 4-June-2018}
}

@misc{getaddrinfo,
  author = {Brian ``Beej Jorgensen'' Hall},
  title = {Beej's Guide to Network Programming: Using Internet Sockets, Version 3.0.21},
  url = {https://beej.us/guide/bgnet/html/single/bgnet.html},
  year = {2015},
  note = {Online: accessed 5-July-2018}
}

@book{insideOS2,
 author = {Gordon Letwin},
 title = {Inside {OS/2}},
 year = {1988},
 publisher = {Microsoft Press},
 isbn = {978-1556151170}
}

@book{lbs,
 author = {Allen B. Downey},
 title = {The Little Book of Semaphores (2nd Edition)},
 year = {2008},
 publisher = {Green Tea Press}
}


@InProceedings{machThreads,
  author = 		 {Avadis Tevanian and Richard F. Rashid and David B. Golub and David L. Black and Eric Cooper and Michael W. Young},
  title = 		 {Mach Threads and the {UNIX} Kernel: The Battle for Control},
  booktitle = {Proceedings, Summer 1987 USENIX Conference},
  year = 	 {1987}
}

@book{mos,
 author = {Andrew S. Tanenbaum},
 title = {Modern Operating Systems, 3rd Edition},
 year = {2008},
 isbn = {978-01360066332},
 publisher = {Prentice Hall}
}

@book{mte241,
 author = {Douglas Wilhelm Harder and Jeff Zarnett and Vajih Montaghami and Allyson Giannikouris},
 title = {A Practical Introduction to Real-Time Systems for Undergraduate Engineering},
 year = {2015},
 howpublished = { \url {https://ece.uwaterloo.ca/~dwharder/icsrts/Lecture\_materials/A\_practical\_introduction\_to\_real-time\_systems\_for\_undergraduate\_engineering.pdf} },
 note = {Online; version 0.15.08.17}
}


@book{osc,
 author = {Abraham Silberschatz and Peter Baer Galvin and Greg Gagne},
 title = {Operating System Concepts (9th Edition)},
 year = {2013},
 isbn = {978-1118063330},
 publisher = {John Wiley \& Sons},
} 

@book{osi,
 author = {William Stallings},
 title = {Operating Systems Internals and Design Principles (9th Edition)},
 year = {2018},
 isbn = {978-1-292-21429-0},
 publisher = {Pearson},
} 

@misc{pthreads,
 author = {Blaise Barney},
 title = {{POSIX Threads Programming}},
 year = {2014},
 url = {https://computing.llnl.gov/tutorials/pthreads/},
 note = {Online; accessed 1-March-2015}
}

@InProceedings{semaphores,
 author = {Edsger Dijkstra},
 title = {{The Structure of the 'THE' Multiprogramming System}},
 booktitle = {Communications of the ACM},
 year = {1968}
}

@InProceedings{vrr,
 author = {S. Haldar and D. Subramanian},
 title = {{Fairness in Processor Scheduling in Time Sharing Systems}},
 year = {1991},
 publisher = {Operating Systems Review}
}

@inproceedings{wastedcores,
  author    = {Jean{-}Pierre Lozi and
               Baptiste Lepers and
               Justin R. Funston and
               Fabien Gaud and
               Vivien Qu{\'{e}}ma and
               Alexandra Fedorova},
  title     = {The Linux scheduler: a decade of wasted cores},
  booktitle = {Proceedings of the Eleventh European Conference on Computer Systems,
               EuroSys 2016, London, United Kingdom, April 18-21, 2016},
  pages     = {1:1--1:16},
  year      = {2016},
  url       = {http://doi.acm.org/10.1145/2901318.2901326},
}

@misc{wastedcores2,
    author = {Adrian Coyler},
    title = {The Linux Scheduler: a Decade of Wasted Cores},
    year = {2016},
    url = {https://blog.acolyer.org/2016/04/26/the-linux-scheduler-a-decade-of-wasted-cores/},
    note = {Online; accessed 24-April-2017}
}

@misc{joelce,
  author = {Joel Spolsky},
  title = {Strategy Letter II: Chicken and Egg Problems},
  url = {https://www.joelonsoftware.com/2000/05/24/strategy-letter-ii-chicken-and-egg-problems/},
  year = {2000},
  note = {Online: accessed 18-November-2022}
}

@misc{netappcontainer,
  author = {Doug Chamberlain},
  title = {{Containers vs. Virtual Machines (VMs): Whatâ€™s the Difference?}},
  year = {2018},
  url = {https://blog.netapp.com/blogs/containers-vs-vms/},
  note = {Online; accessed 2019-12-16}
}

@InProceedings{locality,
 author = {D. Hatfield},
 title = {{Experiments on Page Size, Program Access Patterns, and Virtual Memory Performance}},
 year = {1972},
 publisher = {{IBM Journal of Research and Development}}
}

@book{lpi,
	author = {Michael Kerrisk},
	title = {{The Linux Programming Interface}},
	year = {2010},
	isbn = {978-1-59327-220-3},
	publisher = {No Starch Press Inc}
}

@misc{spotlight,
    author = {John Siracusa},
    title = {{Mac OS X 10.4 Tiger}},
    year = {2005},
    url = {http://arstechnica.com/apple/2005/04/macosx-10-4/},
    note = {Online; accessed 24-May-2015}
}

@book{russ,
    author = {M. Russinovich and D. Solomon and A. Ionescu},
    title = {{Windows Internals: Covering Windows 7 and Windows Server 2008 R2}},
    year = {2011},
    publisher = {Microsoft Press}
}